<record><leader>00000cas a22000007a 4500</leader><controlfield tag="001">20226370</controlfield><controlfield tag="008">890821d19uu19uumauwr ne      0    0eng d</controlfield><datafield ind1=" " ind2=" " tag="010"><subfield code="a">sn 89062166 </subfield></datafield><datafield ind1=" " ind2=" " tag="040"><subfield code="a">MGN</subfield><subfield code="b">eng</subfield><subfield code="c">MGN</subfield><subfield code="d">OCLCQ</subfield></datafield><datafield ind1=" " ind2=" " tag="042"><subfield code="a">msc</subfield></datafield><datafield ind1="0" ind2="0" tag="245"><subfield code="a">Hanover branch and the Norwell news.</subfield></datafield><datafield ind1=" " ind2=" " tag="260"><subfield code="a">Rockland, Mass. :</subfield><subfield code="b">Franklin Pub. Co.</subfield></datafield><datafield ind1=" " ind2=" " tag="300"><subfield code="a">v.</subfield></datafield><datafield ind1=" " ind2=" " tag="310"><subfield code="a">Weekly</subfield></datafield><datafield ind1=" " ind2=" " tag="500"><subfield code="a">Incorporating the Hanover advance, the Norwell advertiser, the Norwell news, and the Pembroke colonist.</subfield></datafield><datafield ind1=" " ind2=" " tag="588"><subfield code="a">Description based on: Vol. 66, no. 17 (Jan. 2, 1964).</subfield></datafield><datafield ind1=" " ind2=" " tag="752"><subfield code="a">United States</subfield><subfield code="b">Massachusetts</subfield><subfield code="c">Plymouth</subfield><subfield code="d">Rockland.</subfield></datafield><datafield ind1=" " ind2=" " tag="752"><subfield code="a">United States</subfield><subfield code="b">Massachusetts</subfield><subfield code="c">Plymouth</subfield><subfield code="d">Hanover.</subfield></datafield><datafield ind1=" " ind2=" " tag="752"><subfield code="a">United States</subfield><subfield code="b">Massachusetts</subfield><subfield code="c">Plymouth</subfield><subfield code="d">Norwell.</subfield></datafield><datafield ind1=" " ind2=" " tag="752"><subfield code="a">United States</subfield><subfield code="b">Massachusetts</subfield><subfield code="c">Plymouth</subfield><subfield code="d">Pembroke.</subfield></datafield><datafield ind1="1" ind2="5" tag="780"><subfield code="t">Hanover advance</subfield></datafield><datafield ind1="1" ind2="5" tag="780"><subfield code="t">Norwell advertiser</subfield></datafield><datafield ind1="1" ind2="5" tag="780"><subfield code="t">Norwell news</subfield></datafield><datafield ind1="1" ind2="5" tag="780"><subfield code="t">Pembroke colonist</subfield><subfield code="w">(DLC)sn 93059275</subfield></datafield></record>